<record><leader>00000cas a22000007a 4500</leader><controlfield tag="001">17999704</controlfield><controlfield tag="008">880525d18661868nyuwr ne      0    0eng d</controlfield><datafield ind1=" " ind2=" " tag="010"><subfield code="a">sn 88074452 </subfield></datafield><datafield ind1=" " ind2=" " tag="040"><subfield code="a">NYS</subfield><subfield code="b">eng</subfield><subfield code="c">NYS</subfield><subfield code="d">OCLCQ</subfield></datafield><datafield ind1=" " ind2=" " tag="042"><subfield code="a">msc</subfield></datafield><datafield ind1="0" ind2="4" tag="245"><subfield code="a">The Nunda weekly news.</subfield></datafield><datafield ind1="1" ind2="3" tag="246"><subfield code="a">Nunda news</subfield></datafield><datafield ind1=" " ind2=" " tag="260"><subfield code="a">Nunda, N.Y. :</subfield><subfield code="b">C.K. Sanders,</subfield><subfield code="c">-1868.</subfield></datafield><datafield ind1=" " ind2=" " tag="300"><subfield code="a">v.</subfield></datafield><datafield ind1=" " ind2=" " tag="310"><subfield code="a">Weekly</subfield></datafield><datafield ind1="1" ind2=" " tag="362"><subfield code="a">Began July 7, 1866?</subfield></datafield><datafield ind1="0" ind2=" " tag="362"><subfield code="a">-v. 9, no. 28 (July 11, 1868) = -No. 456.</subfield></datafield><datafield ind1=" " ind2=" " tag="588"><subfield code="a">Description based on: Vol. 7, no. 3 (July 28, 1866).</subfield></datafield><datafield ind1=" " ind2="4" tag="651"><subfield code="a">Nunda (N.Y.)</subfield><subfield code="v">Newspapers.</subfield></datafield><datafield ind1=" " ind2=" " tag="752"><subfield code="a">United States</subfield><subfield code="b">New York</subfield><subfield code="c">Livingston</subfield><subfield code="d">Nunda.</subfield></datafield><datafield ind1="0" ind2="0" tag="780"><subfield code="t">Nunda news (Nunda, N.Y. : 1859)</subfield><subfield code="w">(DLC)sn 83031364</subfield></datafield><datafield ind1="0" ind2="0" tag="785"><subfield code="t">News (Nunda, N.Y.)</subfield><subfield code="w">(DLC)sn 88074451</subfield></datafield></record>